@misc{rialland2021,
  author={Rialland, Julien},
  title={Generic A-Star path searching algorithm},
  titleaddon={GitHub},
  year=2021,
  note={En línea},
  url={https://github.com/jrialland/python-astar}
}

@misc{NuevoLaredo2021,
  author={{Instituto Tecnológico de Nuevo Laredo}},
  title={ALGORTIMO A*},
  titleaddon={PDF},
  year=2005,
  note={En línea},
  url={http://www.itnuevolaredo.edu.mx/takeyas/apuntes/Inteligencia%20Artificial/Apuntes/tareas_alumnos/A-Star/A-Star(2005-II-A).pdf}
}

@article{poornima2019,
    author = {Poornima, S. and Pushpalatha, M.},
    title = {Prediction of Rainfall Using Intensified LSTM Based Recurrent Neural Network with Weighted Linear Units},
    journal = {Atmosphere},
    volume = {10},
    year = {2019},
    number = {11},
    doi = {10.3390/atmos10110668}
}


@misc{poore2021,
  title     = {The minted package: Highligted source code in Latex},
  author    = {Poore, Geoffrey M.},
  year      = {2021},
  note      = {En línea},
  url       = {https://ctan.mirrors.hoobly.com/macros/latex/contrib/minted/minted.pdf}
}

@misc{inegi2016,
  author={{Instituto Nacional de Estadística Geografía e Informática}},
  title={Encuesta nacional de los hogares (ENH)},
  year=2016,
  note={En línea},
  url={https://www.inegi.org.mx/programas/enh/2016/}
}

@article{parthasarathy2006,
  title = {Relationship between attachment to owners and separation anxiety in pet dogs (Canis lupus familiaris)},
  journal = {Journal of Veterinary Behavior},
  volume = {1},
  number = {3},
  pages = {109-120},
  year = {2006},
  doi = {10.1016/j.jveb.2006.09.005},
  author = {Parthasarathy, Valli and Crowell-Davis, Sharon L.}
}

@article{ibanes2022,
  author = {Ibañez, Miguel and Anzola Delgado, Bernadette},
  year = {2022},
  pages = {70-81},
  number = {100},
  journal = {Canis Et Felis},
  title = {Síndrome de Ansiedad por Separación}
}


@book{plattner2011,
  title     = {Design Thinking: Understand - Improve - Apply},
  author    = {Plattner, Hasso and Meinel, Christoph and Leifer, Larry},
  year      = {2011},
  publisher = {Springer},
  doi = {10.1007/978-3-642-13757-0}
}

@misc{pomar2020,
  author={Pomar, Pablo},
  title={34 herramientas para el design thinking en un rápido vistazo},
  year=2020,
  note={En línea},
  url={https://thinkernautas.com/34-herramientas-para-el-design-thinking-en-un-rapido-vistazo}
}

@book{pmi2017,
  title     = {AGILE practice guide},
  author    = {{Project Management Institute}},
  year      = {2017},
  publisher = {PMI},
  isbn = {978162825199}
}



@misc{schwaber2020,
  author    = {Schwaber, Ken and Sutherlan, Jeff}, 
  title     = {The Scrum Guide},
  year      = 2020,
  note   = {En línea},
  url={https://scrumguides.org/docs/scrumguide/v2020/2020-Scrum-Guide-US.pdf}
}


@book{stellman2014,
  title     = {Learning Agile: Understanding Scrum, XP, Lean, and Kanban},
  author    = {Stellman, Andrew and Greene, Jennifer},
  year      = {2014},
  publisher = {O'Reilly Media},
  isbn = {1449331920}
}


@misc{ferreit2021,
  author={Ferreiti, Alana},
  title={A guide to Agile project management types},
  titleaddon={Ariad},
  year=2021,
  note={En línea},
  url={https://www.ariadgroup.com/es/blog/todo-sobre-scrum-agile-metodologia/tipos-gestion-proyectos-agile}
}


@misc{cardenas,
  author={Cárdenas, Marlon},
  title = {Lean Startup: diseño de metodología, validación e innovación},
  titleaddon  = {UNIR},
  url = {\url{https://unir.cloud.panopto.eu/Panopto/Pages/Embed.aspx?id=89b4ea46-03bd-4d48-8fb4-aea001217ac7}},
  note = {Accedido: {2022–08-19}}
}

@book{womack2003,
  title     = {Lean Thinking: Banish Waste and Create Wealth in Your Corporation},
  author    = {Womack, James P. and Jones, Daniel T.},
  year      = {2003},
  publisher = {Free Press},
  isbn = {0743249275}
}


@misc{juras2018,
  author={Juras, Evan},
  title={Picamera Object Detection Using Tensorflow Classifier},
  titleaddon={GitHub},
  year=2018,
  note={En línea},
  url={https://github.com/EdjeElectronics/TensorFlow-Object-Detection-on-the-Raspberry-Pi/blob/master/Object_detection_picamera.py}
}

@misc{aung2022,
  author={Aung, Sithu},
  title={Semantic Segmentation},
  titleaddon={GitHub},
  year=2022,
  note={En línea},
  url={https://github.com/sithu31296/semantic-segmentation}
}


@misc{unity2022,
  author={{Unity}},
  title={Unity Computer Vision Datasets (Home interior sample)},
  titleaddon={Dataset},
  note={En línea, obtenida en 2022},
  url={https://resources.unity.com/ai-ml-content/sample-home-datasets}
}


@misc{tensorflow2022,
  author={{TensorFlow}},
  title={TensorFlow Object Detection API},
  titleaddon={GitHub},
  note={En línea, obtenida en 2022},
  url={https://github.com/tensorflow/models/blob/master/research/object_detection/README.md}
}




@misc{gupta2022,
  author={Gupta, Divam},
  title={Image Segmentation Keras : Implementation of Segnet, FCN, UNet, PSPNet and other models in Keras.},
  titleaddon={GitHub},
  note={En línea, obtenida en 2022},
  url={https://github.com/divamgupta/image-segmentation-keras}
}



